@incollection{abra94:doma,
   author="Abramsky, Samson and Jung, Achim",
   title="Domain {T}heory",
   booktitle="Handbook for {L}ogic in {C}omputer {S}cience",
   editor="Abramsky S. and Gabbay Dov M. and Maibaum T.S.M.",
   year="1994",
   publisher="Clarendon {P}ress, {O}xford"
}


@article{bent06:moda,
   author   = {van Benthem, Johan},
   year     = 2006,
   title    = {{M}odal {F}rame {C}orrespondences and {F}ixed-{P}oints},
   journal  = {Studia Logica},
   pages    = {133--155}
}

@inproceedings{calu:deci17,
  author    = {Cristian S. Calude and
               Sanjay Jain and
               Bakhadyr Khoussainov and
               Wei Li and
               Frank Stephan},
  title     = {Deciding parity games in quasipolynomial time},
  booktitle = {Proceedings of the 49th Annual {ACM} {SIGACT} Symposium on Theory
               of Computing, {STOC} 2017, Montreal, QC, Canada, June 19-23, 2017},
  pages     = {252--263},
  year      = {2017},
  crossref  = {DBLP:conf/stoc/2017},
  url       = {https://doi.org/10.1145/3055399.3055409},
  doi       = {10.1145/3055399.3055409},
  timestamp = {Sun, 02 Jun 2019 21:10:31 +0200},
  biburl    = {https://dblp.org/rec/bib/conf/stoc/CaludeJKL017},
  bibsource = {dblp computer science bibliography, https://dblp.org}
}

@article{carr:mode18,
   author =      {Facundo Carreiro and Alessandro Facchini and Yde Venema
                  and Fabio Zanasi},
   title =       {Model Theory of Monadic Predicate Logic with the Infinity
                  Quantifier},
  journal   = {CoRR},
  volume    = {abs/1809.03262},
  year      = {2018},
  url       = {http://arxiv.org/abs/1809.03262}
   }


@phdThesis{carr:frag2015,
   author = {Facundo Carreiro},
   title =  {Fragments of Fixpoint Logics},
   school = {Institute for Logic, Language and Computation, Universiteit van 
             Amsterdam},
   year =   2015,
}

@inproceedings{cirs:modu04,
  author    = {Corina C{\^{\i}}rstea and Dirk Pattinson},
  title     = {Modular Construction of Modal Logics},
  booktitle = {Proceedings of the 15th International Conference on  Concurrency 
                 Theory ({CONCUR} 2004)},
  series    = {LNCS},
  volume    = {3170},
  crossref  = {DBLP:conf/concur/2004},
  pages     = {258--275},
  year      = {2004},
}


@article{dago:logi00,
   author =  {Giovanna~{D'A}gostino and Marco Hollenberg},
   title =   {Logical questions concerning the $\mu$-calculus},
   journal = {Journal of Symbolic Logic},
   volume =  65,
   pages =   {310--332},
   year =    2000,
}

@proceedings{DBLP:conf/concur/2004,
  editor    = {Ph. Gardner and N. Yoshida},
  title     = {{CONCUR} 2004 - Concurrency Theory, 15th International Conference,
               London, UK, August 31 - September 3, 2004, Proceedings},
  series    = {LNCS},
  volume    = {3170},
  publisher = {Springer},
  year      = {2004},
}

@proceedings{DBLP:conf/stoc/2017,
  editor    = {Hamed Hatami and
               Pierre McKenzie and
               Valerie King},
  title     = {Proceedings of the 49th Annual {ACM} {SIGACT} Symposium on Theory
               of Computing, {STOC} 2017, Montreal, QC, Canada, June 19-23, 2017},
  publisher = {{ACM}},
  year      = {2017},
  url       = {https://doi.org/10.1145/3055399},
  doi       = {10.1145/3055399},
  isbn      = {978-1-4503-4528-6},
  timestamp = {Sun, 02 Jun 2019 21:10:31 +0200},
  biburl    = {https://dblp.org/rec/bib/conf/stoc/2017},
  bibsource = {dblp computer science bibliography, https://dblp.org}
}
